@inproceedings{rule-based,
  title={Geocoding Billions of Addresses: Toward a Spatial Record Linkage System with Big Data},
  author={Sen Xu and Soren Flexner and Vitor R. Carvalho},
  year={2012}
}

@inproceedings{hmm-parsing, 
author = {Li, Xiang and Kardes, Hakan and Wang, Xin and Sun, Ang}, 
title = "{HMM-Based Address Parsing: Efficiently Parsing Billions of Addresses on MapReduce}", 
year = {2014}, 
isbn = {9781450331319}, 
publisher = {Association for Computing Machinery}, 
doi = {10.1145/2666310.2666471}, 
booktitle = {Proceedings of the 22nd ACM SIGSPATIAL International Conference on Advances in Geographic Information Systems}, 
pages = {433–436}, 
keywords = {large-scale data, address parsing, record linkage}, 
location = {Dallas, Texas}
}
 
@INPROCEEDINGS{crf-parsing,
author={M. {Wang} and V. {Haberland} and A. {Yeo} and A. {Martin} and J. {Howroyd} and J. M. {Bishop}}, 
booktitle={16th International Conference on Data Mining Workshops}, 
title="{A Probabilistic Address Parser Using Conditional Random Fields and Stochastic Regular Grammar}", 
year={2016}, 
pages={225-232}
}

@article{viterbi, 
author = {Viterbi, A.}, 
title = "{Error Bounds for Convolutional Codes and an Asymptotically Optimum Decoding Algorithm}",
year = {1967}, 
publisher = {IEEE Press}, 
volume = {13}, 
number = {2}, 
issn = {0018-9448}, 
doi = {10.1109/TIT.1967.1054010}, 
journal = {IEEE Transactions on Information Theory}, 
month = sep, 
pages = {260–269}, 
}

@INPROCEEDINGS{feedforward-parsing, 
author={S. {Sharma} and R. {Ratti} and I. {Arora} and A. {Solanki} and G. {Bhatt}}, 
booktitle={IEEE 12th International Conference on Semantic Computing}, 
title="{Automated Parsing of Geographical Addresses: A Multilayer Feedforward Neural Network Based Approach}",
year={2018}, 
pages={123-130}
}

@article{rnn-parsing,
author = {Mokhtari, Shekoofeh and Mahmoody, Ahmad and Yankov, Dragomir and Xie, Ning},
pages = {9547-9551},
title = "{Tagging Address Queries in Maps Search}",
volume = {33},
journal = {Proceedings of the AAAI Conference on Artificial Intelligence},
doi = {10.1609/aaai.v33i01.33019547}
}

@misc{fasttext,
  title="{Enriching Word Vectors with Subword Information}",
  author={Bojanowski, Piotr and Grave, Edouard and Joulin, Armand and Mikolov, Tomas},
  journal={1607.04606},
  year={2016}
}

@article{bpe, 
author = {Gage, Philip}, 
title = "{A New Algorithm for Data Compression}", 
year = {1994}, 
volume = {12}, 
number = {2}, 
issn = {0898-9788}, 
journal = {C Users Journal}, 
pages = {23–38}
}

@misc{bpemb,
author    = {Benjamin Heinzerling and
           Michael Strube},
title     = "{BPEmb: Tokenization-free Pre-trained Subword Embeddings in 275 Languages}",
volume    = {1710.02187},
year      = {2017}
}

@InProceedings{fasttext-aligned,
title="{Loss in Translation: Learning Bilingual Word Mapping with a Retrieval Criterion}",
author={Joulin, Armand and Bojanowski, Piotr and Mikolov, Tomas and J\'egou, Herv\'e and Grave, Edouard},
year={2018},
booktitle={Proceedings of the Conference on Empirical Methods in Natural Language Processing},
}

@misc{muse,
title="{Word Translation Without Parallel Data}",
author={Conneau, Alexis and Lample, Guillaume and Ranzato, Marc'Aurelio and Denoyer, Ludovic and J{\'e}gou, Herv{\'e}},
journal={arXiv.1710.04087},
year={2017}
}

@incollection{pytorch,
title = "{PyTorch: An Imperative Style, High-Performance Deep Learning Library}",
author = {Paszke, Adam and Gross, Sam and Massa, Francisco and Lerer, Adam and Bradbury, James and Chanan, Gregory and Killeen, Trevor and Lin, Zeming and Gimelshein, Natalia and Antiga, Luca and Desmaison, Alban and Kopf, Andreas and Yang, Edward and DeVito, Zachary and Raison, Martin and Tejani, Alykhan and Chilamkurthy, Sasank and Steiner, Benoit and Fang, Lu and Bai, Junjie and Chintala, Soumith},
booktitle = {Advances in Neural Information Processing Systems 32},
editor = {H. Wallach and H. Larochelle and A. Beygelzimer and F. d\textquotesingle Alch\'{e}-Buc and E. Fox and R. Garnett},
pages = {8024--8035},
year = {2019}
}

@misc{poutyne,
author = {Paradis, Fr{\'e}d{\'e}rik},
title  = {{Poutyne: A Keras-like framework for PyTorch}},
year   = {2018},
note   = {\url{https://poutyne.org}}
}

@misc{laser,
    title={Massively Multilingual Sentence Embeddings for Zero-Shot Cross-Lingual Transfer and Beyond},
    author={Mikel Artetxe and Holger Schwenk},
    year={2018},
    eprint={1812.10464},
    archivePrefix={arXiv},
    primaryClass={cs.CL}
}

@misc{bahdanau2014neural,
    title="{Neural Machine Translation by Jointly Learning to Align and Translate}",
    author={Dzmitry Bahdanau and Kyunghyun Cho and Yoshua Bengio},
    year={2014},
    eprint={arXiv.1409.0473}
}

@misc{rhind1998global,
  title="{Global Sourcebook for International Data Management}",
  author={Graham Rhind},
  howpublished = "\url{https://www.grcdi.nl/gsb/global%20sourcebook.html}",
  year={2020},
  month = {June}
}

@ARTICLE{6795228,
  author={R. J. {Williams} and D. {Zipser}},
  journal={Neural Computation}, 
  title="{A Learning Algorithm for Continually Running Fully Recurrent Neural Networks}", 
  year={1989},
  volume={1},
  number={2},
  pages={270-280}
 }
  
@inproceedings{sennrich-etal-2016-neural,
    title = "Neural Machine Translation of Rare Words with Subword Units",
    author = "Sennrich, Rico  and
      Haddow, Barry  and
      Birch, Alexandra",
    booktitle = "Proceedings of the 54th Annual Meeting of the Association for Computational Linguistics",
    month = aug,
    year = "2016",
    doi = "10.18653/v1/P16-1162",
    pages = "1715--1725"
}

@inproceedings{heinzerling-strube-2019-sequence,
    title = "Sequence Tagging with Contextual and Non-Contextual Subword Representations: A Multilingual Evaluation",
    author = "Heinzerling, Benjamin  and
      Strube, Michael",
    booktitle = "Proceedings of the 57th Annual Meeting of the Association for Computational Linguistics",
    month = jul,
    year = "2019",
    doi = "10.18653/v1/P19-1027",
    pages = "273--291"
}

@INPROCEEDINGS{8615844,
  author={N. {Abid} and A. {ul Hasan} and F. {Shafait}},
  booktitle={Digital Image Computing: Techniques and Applications)}, 
  title="{DeepParse: A Trainable Postal Address Parser}", 
  year={2018},
  pages={1-8}}
  
@article{LSTM,
    author = {Hochreiter, Sepp and Schmidhuber, J\"{u}rgen},
    title = "{Long Short-Term Memory}",
    year = {1997},
    publisher = {MIT Press},
    volume = {9},
    number = {8},
    issn = {0899-7667},
    doi = {10.1162/neco.1997.9.8.1735},
    journal = {Neural Computation},
    month = nov,
    pages = {1735–1780}
}
  
@misc{word2vec,
    title="{Efficient Estimation of Word Representations in Vector Space}",
    author={Tomas Mikolov and Kai Chen and Greg Corrado and Jeffrey Dean},
    year={2013},
    eprint={1301.3781}
}

@inproceedings{glove,
    title = "{G}lo{V}e: Global Vectors for Word Representation",
    author = "Pennington, Jeffrey  and
      Socher, Richard  and
      Manning, Christopher",
    booktitle = "Proceedings of the Conference on Empirical Methods in Natural Language Processing",
    month = oct,
    year = "2014",
    doi = "10.3115/v1/D14-1162",
    pages = "1532--1543"
}
@misc{ganin2015domainadversarial,
	title={Domain-Adversarial Training of Neural Networks},
	author={Yaroslav Ganin and Evgeniya Ustinova and Hana Ajakan and Pascal Germain and Hugo Larochelle and François Laviolette and Mario Marchand and Victor Lempitsky},
	year={2015},
	eprint={1505.07818},
	archivePrefix={arXiv},
	primaryClass={stat.ML}
}